<record><leader>00000cas a2200000 a 4500</leader><controlfield tag="001">33094474</controlfield><controlfield tag="007">hd bfu---baat</controlfield><controlfield tag="007">hd afu---bact</controlfield><controlfield tag="008">950907d19151915nbuwr nea     0    0eng d</controlfield><datafield ind1=" " ind2=" " tag="010"><subfield code="a">sn 95070294 </subfield></datafield><datafield ind1=" " ind2=" " tag="040"><subfield code="a">NVG</subfield><subfield code="b">eng</subfield><subfield code="c">NVG</subfield><subfield code="d">OCL</subfield><subfield code="d">OCLCQ</subfield><subfield code="d">OCLCF</subfield><subfield code="d">OCLCO</subfield><subfield code="d">OCLCQ</subfield></datafield><datafield ind1=" " ind2=" " tag="042"><subfield code="a">msc</subfield></datafield><datafield ind1=" " ind2=" " tag="043"><subfield code="a">n-us-nb</subfield></datafield><datafield ind1="0" ind2="0" tag="245"><subfield code="a">Hay Springs news and Hay Springs enterprise, consolidated.</subfield></datafield><datafield ind1="1" ind2=" " tag="246"><subfield code="i">Publishers box title:</subfield><subfield code="a">Hay Springs news and enterprise</subfield></datafield><datafield ind1=" " ind2=" " tag="260"><subfield code="a">Hay Springs, Neb. :</subfield><subfield code="b">Geo. S. Peters,</subfield><subfield code="c">1915.</subfield></datafield><datafield ind1=" " ind2=" " tag="300"><subfield code="a">volumes</subfield></datafield><datafield ind1=" " ind2=" " tag="310"><subfield code="a">Weekly</subfield></datafield><datafield ind1=" " ind2=" " tag="336"><subfield code="a">text</subfield><subfield code="b">txt</subfield><subfield code="2">rdacontent</subfield></datafield><datafield ind1=" " ind2=" " tag="337"><subfield code="a">microform</subfield><subfield code="b">h</subfield><subfield code="2">rdamedia</subfield></datafield><datafield ind1=" " ind2=" " tag="338"><subfield code="a">microfilm reel</subfield><subfield code="b">hd</subfield><subfield code="2">rdacarrier</subfield></datafield><datafield ind1="0" ind2=" " tag="362"><subfield code="a">Vol. 5, no. 42 (July 2, 1915)-v. 27, no. 53 (Dec. 31, 1915).</subfield></datafield><datafield ind1=" " ind2=" " tag="515"><subfield code="a">Issues for Sept. 16-Dec. 31, 1915 called v. 27, no. 37-v. 27, no. 53, continuing numbering of Hay Springs enterprise.</subfield></datafield><datafield ind1=" " ind2=" " tag="580"><subfield code="a">Formed by the union of: Hay Springs news, and: Hay Springs enterprise.</subfield></datafield><datafield ind1=" " ind2=" " tag="533"><subfield code="a">Microfilm.</subfield><subfield code="m">July 2-Dec. 31,1915.</subfield><subfield code="b">Lincoln, Neb. :</subfield><subfield code="c">Nebraska State Historical Society.</subfield><subfield code="e">1 microfilm reel ; 35 mm.</subfield></datafield><datafield ind1=" " ind2="0" tag="651"><subfield code="a">Hay Springs (Neb.)</subfield><subfield code="v">Newspapers.</subfield></datafield><datafield ind1=" " ind2="7" tag="651"><subfield code="a">Nebraska</subfield><subfield code="z">Hay Springs.</subfield><subfield code="2">fast</subfield><subfield code="0">(OCoLC)fst01237320</subfield></datafield><datafield ind1=" " ind2="7" tag="655"><subfield code="a">Newspapers.</subfield><subfield code="2">fast</subfield><subfield code="0">(OCoLC)fst01423814</subfield></datafield><datafield ind1=" " ind2=" " tag="752"><subfield code="a">United States</subfield><subfield code="b">Nebraska</subfield><subfield code="c">Sheridan</subfield><subfield code="d">Hay Springs.</subfield></datafield><datafield ind1="1" ind2="4" tag="780"><subfield code="t">Hay Springs news (Hay Springs, Neb. : 1910)</subfield><subfield code="w">(DLC)sn 99067014</subfield></datafield><datafield ind1="1" ind2="4" tag="780"><subfield code="t">Hay Springs enterprise</subfield><subfield code="w">(DLC)sn 95070293</subfield></datafield><datafield ind1="0" ind2="0" tag="785"><subfield code="t">Hay Springs news (Hay Springs, Neb. : 1916)</subfield><subfield code="w">(DLC)sn 95070290</subfield></datafield><datafield ind1="1" ind2=" " tag="029"><subfield code="a">AU@</subfield><subfield code="b">000011994261</subfield></datafield></record>